<?xml version="1.0" encoding="UTF-8"?><collection xmlns="http://www.loc.gov/MARC21/slim"><record><leader>00553nam--2200193-i-4500</leader><controlfield tag="001">000043018</controlfield><controlfield tag="002">20161230</controlfield><controlfield tag="005">20161230201043</controlfield><controlfield tag="008">060222s1000------------r-----000-0-rum-d</controlfield><datafield ind1=" " ind2=" " tag="040"><subfield code="a">IFIN-HH</subfield></datafield><datafield ind1=" " ind2=" " tag="041"><subfield code="a">rum</subfield></datafield><datafield ind1=" " ind2=" " tag="080"><subfield code="a">534.1:621:620.178.2</subfield></datafield><datafield ind1="1" ind2=" " tag="100"><subfield code="a">Hamburger, L</subfield></datafield><datafield ind1="1" ind2="0" tag="245"><subfield code="a">Teoria vibratiilor si aplicatiile ei in constructia masinilor in constructia de masini</subfield><subfield code="c">L. Hamburger, Gh. Buzdugan</subfield></datafield><datafield ind1=" " ind2=" " tag="260"><subfield code="a">Bucuresti</subfield><subfield code="b">Editura Tehnica</subfield><subfield code="c">1958</subfield></datafield><datafield ind1=" " ind2=" " tag="300"><subfield code="a">508 p</subfield></datafield><datafield ind1="1" ind2=" " tag="700"><subfield code="a">Buzdugan, Gh</subfield></datafield><datafield ind1=" " ind2=" " tag="852"><subfield code="a">5060</subfield><subfield code="c">534</subfield></datafield><datafield ind1=" " ind2=" " tag="CAT"><subfield code="a">Sys</subfield><subfield code="c">20101005</subfield><subfield code="h">140308</subfield></datafield></record></collection>